@article{mathewsetal:2006,
    author = {Fiona Mathews and David W. MacDonald and G. Michael Taylor and Merryl Gelling and Rachel A. Norman and Paul E. Honess and Rebecca Foster and Charlotte M. Gower and Susan Varley and Audrey Harris and Simonette Palmer and Glyn Hewinson and Joanne P. Webster},
    title = {Bovine tuberculosis (\textit{{M}ycobacterium bovis}) in {B}ritish farmland wildlife: the importance to agriculture},
    journal = {Proceedings of the Royal Society B: Biological Sciences},
    volume = {273},
    number = {1584},
    pages = {357--365},
    year = {2006},
    doi = {10.1098/rspb.2005.3298}
}

@book{kalbfleisch_prentice:2002,
	author = {John D. Kalbfleisch and Ross L. Prentice},
	title = {The Statistical Analysis of Failure Time Data},
	publisher = {Wiley},
	edition = {2nd},
	year = {2002},
	doi = {10.1002/9781118032985}
}

@inbook{jegatetal:2008,
	author = {C. J\`{e}gat and F. Carrat and C. Lajaunie and H. Wackernagel},
	title = {Early Detection and Assessment of Epidemics by Particle Filtering},
	booktitle = {geoENV VI â€“ Geostatistics for Environmental Applications},
	editor = {A. Soares and M. Pereira and R. Dimitrakopoulos},
	publisher = {Springer Netherlands},
	year = {2008},
	pages = {22--35}
}

@manual{winbugs14:2003,
	author = {David Spiegelhalter and Andrew Thomas and Nicky Best and Dave Lunn},
	title = {WinBUGS User Manual, Version 1.4},
	year = {2003},
	url = {https://www.mrc-bsu.cam.ac.uk/wp-content/uploads/manual14.pdf}
}

@misc{citethemright:2023,
    title = {{Cite Them Right Harvard}},
    author = {{Cite Them Right}},
    year = 2023,
    url = {https://www.citethemrightonline.com/category-list?docid=CTRHarvard},
    urldate = {2023-11-16}
}
